[gd_scene load_steps=10 format=2]

[ext_resource path="res://Entities/GUI/GUI.tscn" type="PackedScene" id=1]
[ext_resource path="res://Entities/Misc/Tutorial/Tutorial.gd" type="Script" id=2]
[ext_resource path="res://Entities/Tower/Tower.tscn" type="PackedScene" id=3]
[ext_resource path="res://Entities/Roads/Roads.tscn" type="PackedScene" id=4]
[ext_resource path="res://Entities/MainGuy/MainGuy.tscn" type="PackedScene" id=6]
[ext_resource path="res://Assets/Assets/Font/Chonkly.otf" type="DynamicFontData" id=7]

[sub_resource type="Curve2D" id=1]
_data = {
"points": PoolVector2Array( 0, 0, 0, 0, 0, 408, 0, 0, 0, 0, 1024, 408 )
}

[sub_resource type="StyleBoxFlat" id=2]
bg_color = Color( 1, 1, 1, 1 )
border_width_left = 8
border_width_top = 8
border_width_right = 8
border_width_bottom = 8
border_color = Color( 0.129412, 0.121569, 0.188235, 1 )
corner_radius_top_left = 16
corner_radius_top_right = 16
corner_radius_bottom_right = 16
corner_radius_bottom_left = 16

[sub_resource type="DynamicFont" id=3]
size = 32
font_data = ExtResource( 7 )

[node name="Tutorial" type="Node2D"]
script = ExtResource( 2 )

[node name="GUI" parent="." instance=ExtResource( 1 )]
countdown_wait_time = 10

[node name="Roads" parent="." instance=ExtResource( 4 )]
tile_data = PoolIntArray( 589823, 0, 196608, 524288, 0, 196609, 524289, 0, 196609, 524290, 0, 196609, 524291, 0, 196609, 524292, 0, 196609, 524293, 0, 196609, 524294, 0, 196609, 524295, 0, 196609, 524296, 0, 196609, 524297, 0, 196609, 524298, 0, 196609, 524299, 0, 196609, 524300, 0, 196609, 524301, 0, 196609, 524302, 0, 196609, 524303, 0, 196609, 524304, 0, 196609, 524305, 0, 196609, 524306, 0, 196609, 524307, 0, 196609, 524308, 0, 196609, 524309, 0, 196610 )

[node name="Towers" type="Node2D" parent="."]

[node name="Tower" parent="Towers" instance=ExtResource( 3 )]
position = Vector2( 880, 168 )
ammo = 10

[node name="Tower2" parent="Towers" instance=ExtResource( 3 )]
position = Vector2( 144, 168 )
ammo = 10

[node name="Tower3" parent="Towers" instance=ExtResource( 3 )]
position = Vector2( 512, 152 )
ammo = 10

[node name="MainGuy" parent="." instance=ExtResource( 6 )]
position = Vector2( 536, 472 )

[node name="EnemySpawnTimer" type="Timer" parent="."]
one_shot = true

[node name="Path2D" type="Path2D" parent="."]
curve = SubResource( 1 )

[node name="Control" type="Control" parent="."]
margin_right = 1024.0
margin_bottom = 136.0
__meta__ = {
"_edit_use_anchors_": false
}

[node name="Panel" type="Panel" parent="Control"]
anchor_bottom = 1.0
margin_left = 16.0
margin_top = 16.0
margin_right = 1008.0
custom_styles/panel = SubResource( 2 )
__meta__ = {
"_edit_use_anchors_": false
}

[node name="Label" type="Label" parent="Control"]
margin_left = 24.0
margin_top = 28.0
margin_right = 1000.0
margin_bottom = 127.0
custom_fonts/font = SubResource( 3 )
custom_colors/font_color = Color( 0.129412, 0.121569, 0.188235, 1 )
text = "Once the timer ends or you press the PLAY button, the enemies will come, place your CRYSTALS, but remember they can't be to close, else they will turn off."
autowrap = true
__meta__ = {
"_edit_use_anchors_": false
}

[node name="Tween" type="Tween" parent="."]
