[gd_scene load_steps=10 format=2]

[ext_resource path="res://Map/Base_Map/Base_Map.tscn" type="PackedScene" id=1]
[ext_resource path="res://Entities/House/House.tscn" type="PackedScene" id=2]
[ext_resource path="res://Assets/Assets/Font/connection-ii/ConnectionIi-2wj8.otf" type="DynamicFontData" id=3]
[ext_resource path="res://Entities/Tower/Tower.tscn" type="PackedScene" id=5]

[sub_resource type="Curve2D" id=1]
_data = {
"points": PoolVector2Array( 0, 0, 0, 0, -64, 216, 0, 0, 0, 0, 312, 216 )
}

[sub_resource type="Curve2D" id=2]
_data = {
"points": PoolVector2Array( 0, 0, 0, 0, -64, 360, 0, 0, 0, 0, 312, 360 )
}

[sub_resource type="Curve2D" id=3]
_data = {
"points": PoolVector2Array( 0, 0, 0, 0, 1080, 216, 0, 0, 0, 0, 696, 216 )
}

[sub_resource type="Curve2D" id=4]
_data = {
"points": PoolVector2Array( 0, 0, 0, 0, 1080, 360, 0, 0, 0, 0, 696, 360 )
}

[sub_resource type="DynamicFont" id=5]
size = 100
font_data = ExtResource( 3 )

[node name="Level3" instance=ExtResource( 1 )]
common_per_path = [ 1, 1, 1, 1 ]
fading_per_path = [ 0, 0, 0, 0 ]
mage_per_path = [ 0, 0, 0, 0 ]

[node name="Roads" parent="Tilemaps" index="0"]
tile_data = PoolIntArray( 327678, 0, 196608, 327679, 0, 196609, 262144, 0, 196609, 262145, 0, 196609, 262146, 0, 196609, 262147, 0, 196609, 262148, 0, 196609, 262149, 0, 196610, 262159, 0, 196608, 262160, 0, 196609, 262161, 0, 196609, 262162, 0, 196609, 262163, 0, 196609, 262164, 0, 196609, 262165, 0, 196609, 262166, 0, 196610, 524286, 0, 196608, 524287, 0, 196609, 458752, 0, 196609, 458753, 0, 196609, 458754, 0, 196609, 458755, 0, 196609, 458756, 0, 196609, 458757, 0, 196610, 458767, 0, 196608, 458768, 0, 196609, 458769, 0, 196609, 458770, 0, 196609, 458771, 0, 196609, 458772, 0, 196609, 458773, 0, 196609, 458774, 0, 196610 )

[node name="Wall" parent="Tilemaps" index="1"]
tile_data = PoolIntArray( -131066, 0, 5, -131058, 0, 5, -65530, 0, 65541, -65522, 0, 65541, 6, 0, 65541, 14, 0, 65541, 65542, 0, 65541, 65550, 0, 65541, 131078, 0, 65541, 131086, 0, 65541, 196614, 0, 131077, 196622, 0, 131077, 524294, 0, 5, 524302, 0, 5, 589830, 0, 65541, 589838, 0, 65541, 655366, 0, 65541, 655374, 0, 65541, 720902, 0, 65541, 720910, 0, 65541, 786438, 0, 65541, 786446, 0, 65541, 851974, 0, 131077, 851982, 0, 131077 )

[node name="House" parent="Houses" index="0"]
position = Vector2( 312, 216 )

[node name="House2" parent="Houses" index="1" instance=ExtResource( 2 )]
position = Vector2( 312, 360 )

[node name="House3" parent="Houses" index="2" instance=ExtResource( 2 )]
position = Vector2( 696, 216 )

[node name="House4" parent="Houses" index="3" instance=ExtResource( 2 )]
position = Vector2( 696, 360 )

[node name="Tower" parent="Towers" index="0"]
position = Vector2( 32, 40 )
ammo = 1

[node name="Tower2" parent="Towers" index="1" instance=ExtResource( 5 )]
position = Vector2( 40, 552 )
ammo = 1

[node name="Tower3" parent="Towers" index="2" instance=ExtResource( 5 )]
position = Vector2( 992, 40 )
ammo = 1

[node name="Tower4" parent="Towers" index="3" instance=ExtResource( 5 )]
position = Vector2( 992, 552 )
ammo = 1

[node name="Path1" type="Path2D" parent="Paths" index="0"]
curve = SubResource( 1 )

[node name="Path2" type="Path2D" parent="Paths" index="1"]
curve = SubResource( 2 )

[node name="Path3" type="Path2D" parent="Paths" index="2"]
curve = SubResource( 3 )

[node name="Path4" type="Path2D" parent="Paths" index="3"]
curve = SubResource( 4 )

[node name="Player" parent="." index="6"]
position = Vector2( 512, 304 )

[node name="Tutorial" type="Label" parent="." index="8"]
margin_left = 350.0
margin_top = 25.0
margin_right = 1780.0
margin_bottom = 125.0
rect_scale = Vector2( 0.25, 0.25 )
custom_fonts/font = SubResource( 5 )
custom_colors/font_color = Color( 1, 1, 1, 1 )
text = "You can also hold 
Spacebar while linked to
pull all crystals."
__meta__ = {
"_edit_use_anchors_": false
}
