[gd_scene load_steps=9 format=2]

[ext_resource path="res://Entities/Misc/Credits.gd" type="Script" id=1]
[ext_resource path="res://Assets/Assets/Font/connection-ii/ConnectionIi-2wj8.otf" type="DynamicFontData" id=2]

[sub_resource type="DynamicFont" id=1]
size = 80
font_data = ExtResource( 2 )

[sub_resource type="DynamicFont" id=2]
font_data = ExtResource( 2 )

[sub_resource type="DynamicFont" id=3]
size = 36
font_data = ExtResource( 2 )

[sub_resource type="StyleBoxFlat" id=4]
bg_color = Color( 0.309804, 0.309804, 0.309804, 1 )

[sub_resource type="StyleBoxEmpty" id=5]

[sub_resource type="DynamicFont" id=6]
size = 40
font_data = ExtResource( 2 )

[node name="Credits" type="Node2D"]
script = ExtResource( 1 )

[node name="Title" type="Label" parent="."]
margin_left = 376.0
margin_top = 24.0
margin_right = 657.0
margin_bottom = 104.0
custom_fonts/font = SubResource( 1 )
text = "Credits"
__meta__ = {
"_edit_use_anchors_": false
}

[node name="Label" type="Label" parent="."]
margin_left = 576.0
margin_top = 128.0
margin_right = 1000.0
margin_bottom = 445.0
custom_fonts/font = SubResource( 2 )
text = "Musics(Assets):
Author: qubodup Pack: qubodupIceAndElectricitySpells Link: https://opengameart.org/content/ice-electricity-magic
Author: Vinrax Pack: scream_horror1 Link: https://opengameart.org/content/horror-scream1
Author: Michael Klier Pack: Large Monster Link: https://opengameart.org/content/large-monster
Author: yd Pack: projects: Link: https://opengameart.org/content/background-space-track
Author: NenadSimic Pack: Menu Selection Click Link: https://opengameart.org/content/menu-selection-click"
align = 1
autowrap = true
__meta__ = {
"_edit_use_anchors_": false
}

[node name="Label2" type="Label" parent="."]
margin_left = 32.0
margin_top = 128.0
margin_right = 544.0
margin_bottom = 576.0
rect_min_size = Vector2( 120, 0 )
custom_fonts/font = SubResource( 3 )
text = "Developers: 
Gabriel Sarti;
Joao Pedro Cabral Miranda;
Gabriel Mota;
Otavio Felipe de Freitas;
Matheus Lima Cunha."
align = 1
autowrap = true
__meta__ = {
"_edit_use_anchors_": false
}

[node name="Quit" type="Button" parent="."]
margin_top = 488.0
margin_right = 1024.0
margin_bottom = 528.0
custom_styles/hover = SubResource( 4 )
custom_styles/normal = SubResource( 5 )
custom_fonts/font = SubResource( 6 )
text = "Quit"
__meta__ = {
"_edit_use_anchors_": false
}

[connection signal="button_down" from="Quit" to="." method="_on_Quit_button_down"]
