[gd_scene load_steps=10 format=2]

[ext_resource path="res://Entities/Misc/MainMenu.gd" type="Script" id=1]
[ext_resource path="res://Assets/Assets/Font/connection-ii/ConnectionIi-2wj8.otf" type="DynamicFontData" id=2]
[ext_resource path="res://Assets/Assets/Font/Chonkly.otf" type="DynamicFontData" id=3]

[sub_resource type="DynamicFont" id=1]
size = 180
outline_size = 5
font_data = ExtResource( 3 )

[sub_resource type="StyleBoxFlat" id=2]
bg_color = Color( 0.309804, 0.309804, 0.309804, 1 )

[sub_resource type="StyleBoxEmpty" id=3]

[sub_resource type="DynamicFont" id=4]
size = 200
font_data = ExtResource( 2 )

[sub_resource type="DynamicFont" id=5]
size = 200
font_data = ExtResource( 2 )

[sub_resource type="StyleBoxEmpty" id=6]

[node name="MainMenu" type="Node2D"]
script = ExtResource( 1 )

[node name="Title" type="Label" parent="."]
margin_top = 100.0
margin_right = 2048.0
margin_bottom = 290.0
rect_min_size = Vector2( 2048, 190 )
rect_scale = Vector2( 0.5, 0.5 )
custom_fonts/font = SubResource( 1 )
custom_colors/font_color = Color( 0, 0, 0, 1 )
text = "Tower Pull Defense"
align = 1
valign = 1
__meta__ = {
"_edit_use_anchors_": false
}

[node name="VBoxContainer" type="VBoxContainer" parent="."]
margin_top = 250.0
margin_right = 5120.0
margin_bottom = 984.0
rect_scale = Vector2( 0.2, 0.2 )
__meta__ = {
"_edit_use_anchors_": false
}

[node name="Play_Button" type="Button" parent="VBoxContainer"]
margin_right = 5120.0
margin_bottom = 275.0
rect_min_size = Vector2( 0, 275 )
custom_styles/hover = SubResource( 2 )
custom_styles/normal = SubResource( 3 )
custom_fonts/font = SubResource( 4 )
text = "Play"
__meta__ = {
"_edit_use_anchors_": false
}

[node name="Spacer" type="Control" parent="VBoxContainer"]
margin_top = 279.0
margin_right = 5120.0
margin_bottom = 329.0
rect_min_size = Vector2( 0, 50 )

[node name="Credits_Button" type="Button" parent="VBoxContainer"]
margin_top = 333.0
margin_right = 5120.0
margin_bottom = 608.0
rect_min_size = Vector2( 0, 275 )
custom_styles/hover = SubResource( 2 )
custom_styles/normal = SubResource( 3 )
custom_fonts/font = SubResource( 5 )
text = "Credits"
__meta__ = {
"_edit_use_anchors_": false
}

[node name="Spacer2" type="Control" parent="VBoxContainer"]
margin_top = 612.0
margin_right = 5120.0
margin_bottom = 662.0
rect_min_size = Vector2( 0, 50 )

[node name="Quit_Button" type="Button" parent="VBoxContainer"]
margin_top = 666.0
margin_right = 5120.0
margin_bottom = 941.0
rect_min_size = Vector2( 0, 275 )
custom_styles/hover = SubResource( 2 )
custom_styles/pressed = SubResource( 6 )
custom_styles/normal = SubResource( 3 )
custom_fonts/font = SubResource( 5 )
text = "Quit"
__meta__ = {
"_edit_use_anchors_": false
}

[connection signal="button_down" from="VBoxContainer/Play_Button" to="." method="_on_Play_Button_button_down"]
[connection signal="button_down" from="VBoxContainer/Credits_Button" to="." method="_on_Credits_Button_button_down"]
[connection signal="button_down" from="VBoxContainer/Quit_Button" to="." method="_on_Quit_Button_button_down"]
