[gd_scene load_steps=12 format=2]

[ext_resource path="res://Map/Map_Controller/Map_Controller.gd" type="Script" id=1]
[ext_resource path="res://Map/Levels/Level1.tscn" type="PackedScene" id=2]
[ext_resource path="res://Map/Levels/Level2.tscn" type="PackedScene" id=3]
[ext_resource path="res://Map/Levels/Level3.tscn" type="PackedScene" id=4]
[ext_resource path="res://Map/Levels/Level0.tscn" type="PackedScene" id=5]
[ext_resource path="res://Map/Levels/Level5.tscn" type="PackedScene" id=6]
[ext_resource path="res://Map/Levels/Level6.tscn" type="PackedScene" id=7]
[ext_resource path="res://Map/Levels/Level4.tscn" type="PackedScene" id=8]
[ext_resource path="res://Map/Levels/Level7.tscn" type="PackedScene" id=9]
[ext_resource path="res://Map/Levels/Level8.tscn" type="PackedScene" id=10]
[ext_resource path="res://Map/Levels/Level9.tscn" type="PackedScene" id=11]

[node name="Map_Controller" type="Node2D"]
script = ExtResource( 1 )
map_list = [ ExtResource( 5 ), ExtResource( 2 ), ExtResource( 3 ), ExtResource( 4 ), ExtResource( 8 ), ExtResource( 6 ), ExtResource( 7 ), ExtResource( 9 ), ExtResource( 10 ), ExtResource( 11 ) ]

[node name="Tween" type="Tween" parent="."]
